<?xml version="1.0" encoding="UTF-8"?><collection xmlns="http://www.loc.gov/MARC21/slim"><record><leader>00521nam--2200181-i-4500</leader><controlfield tag="001">000021750</controlfield><controlfield tag="002">20161230</controlfield><controlfield tag="005">20170114163434</controlfield><controlfield tag="008">060222s1000------------r-----000-0-eng-d</controlfield><datafield ind1=" " ind2=" " tag="040"><subfield code="a">IFIN-HH</subfield></datafield><datafield ind1=" " ind2=" " tag="080"><subfield code="a">539</subfield></datafield><datafield ind1="1" ind2=" " tag="100"><subfield code="a">Segre, E</subfield></datafield><datafield ind1="1" ind2="0" tag="245"><subfield code="a">Experimental nuclear physics</subfield><subfield code="b">Volume I</subfield><subfield code="c">E. Segre (ed.) H.Staub, H.Bethe, Ashkin, N.F. Ramsey, K.T. Bainbridge</subfield></datafield><datafield ind1=" " ind2=" " tag="260"><subfield code="a">New York</subfield><subfield code="b">John Wiley &amp; Sons, Inc</subfield><subfield code="c">1953</subfield></datafield><datafield ind1=" " ind2=" " tag="300"><subfield code="a">IX+789 p</subfield></datafield><datafield ind1="1" ind2=" " tag="700"><subfield code="a">Bainbridge, K.T</subfield></datafield><datafield ind1=" " ind2=" " tag="852"><subfield code="a">12867</subfield><subfield code="c">539</subfield></datafield><datafield ind1=" " ind2=" " tag="CAT"><subfield code="a">SYS</subfield><subfield code="c">20170114</subfield><subfield code="h">163434</subfield></datafield></record></collection>